@Online{KaggleKernal,
    author = {Wang, Justin},
    title = {NLP and ML Experiments},
    year = 2017,
    url = {https://www.kaggle.com/justwjr/nlp-and-ml-experiments/notebook},
urldate = {2017-10-26}}
